<record><leader>00000cas a2200000 a 4500</leader><controlfield tag="001">31619033</controlfield><controlfield tag="007">hd bfu---baat</controlfield><controlfield tag="007">hd afu---bact</controlfield><controlfield tag="008">941206d19061922nbuwr nea     0    0eng c</controlfield><datafield ind1=" " ind2=" " tag="010"><subfield code="a">sn 94061427 </subfield></datafield><datafield ind1=" " ind2=" " tag="040"><subfield code="a">NVG</subfield><subfield code="b">eng</subfield><subfield code="c">NVG</subfield><subfield code="d">OCLCQ</subfield><subfield code="d">OCLCF</subfield><subfield code="d">OCLCO</subfield><subfield code="d">OCLCQ</subfield></datafield><datafield ind1=" " ind2=" " tag="042"><subfield code="a">pcc</subfield></datafield><datafield ind1=" " ind2=" " tag="043"><subfield code="a">n-us-nb</subfield></datafield><datafield ind1="0" ind2=" " tag="130"><subfield code="a">News-chronicle (Benkelman, Neb.)</subfield></datafield><datafield ind1="1" ind2="4" tag="245"><subfield code="a">The news-chronicle.</subfield></datafield><datafield ind1=" " ind2=" " tag="260"><subfield code="a">Benkelman, Dundy County, Neb. :</subfield><subfield code="b">C.L. Ketler,</subfield><subfield code="c">1906-1922.</subfield></datafield><datafield ind1=" " ind2=" " tag="300"><subfield code="a">17 volumes</subfield></datafield><datafield ind1=" " ind2=" " tag="310"><subfield code="a">Weekly</subfield></datafield><datafield ind1=" " ind2=" " tag="336"><subfield code="a">text</subfield><subfield code="b">txt</subfield><subfield code="2">rdacontent</subfield></datafield><datafield ind1=" " ind2=" " tag="337"><subfield code="a">microform</subfield><subfield code="b">h</subfield><subfield code="2">rdamedia</subfield></datafield><datafield ind1=" " ind2=" " tag="338"><subfield code="a">microfilm reel</subfield><subfield code="b">hd</subfield><subfield code="2">rdacarrier</subfield></datafield><datafield ind1="0" ind2=" " tag="362"><subfield code="a">Vol. 13, no. 52 (May 13, 1906)-v. 29, no. 49 (Apr. 28, 1922).</subfield></datafield><datafield ind1=" " ind2=" " tag="580"><subfield code="a">Formed by the union of: Benkelman news, and: Benkelman chronicle.</subfield></datafield><datafield ind1=" " ind2=" " tag="580"><subfield code="a">Merged with: Benkelman post, to form: Benkelman post and news-chronicle.</subfield></datafield><datafield ind1=" " ind2=" " tag="533"><subfield code="a">Microfilm.</subfield><subfield code="m">May 18,1906-Apr. 28,1922:[Gaps]</subfield><subfield code="b">Lincoln, Neb. :</subfield><subfield code="c">Nebraska State Historical Society.</subfield><subfield code="e">6 microfilm reels ; 35 mm.</subfield></datafield><datafield ind1=" " ind2="0" tag="651"><subfield code="a">Benkelman (Neb.)</subfield><subfield code="v">Newspapers.</subfield></datafield><datafield ind1=" " ind2="0" tag="651"><subfield code="a">Dundy County (Neb.)</subfield><subfield code="v">Newspapers.</subfield></datafield><datafield ind1=" " ind2="7" tag="651"><subfield code="a">Nebraska</subfield><subfield code="z">Benkelman.</subfield><subfield code="2">fast</subfield><subfield code="0">(OCoLC)fst01222210</subfield></datafield><datafield ind1=" " ind2="7" tag="651"><subfield code="a">Nebraska</subfield><subfield code="z">Dundy County.</subfield><subfield code="2">fast</subfield><subfield code="0">(OCoLC)fst01237617</subfield></datafield><datafield ind1=" " ind2="7" tag="655"><subfield code="a">Newspapers.</subfield><subfield code="2">fast</subfield><subfield code="0">(OCoLC)fst01423814</subfield></datafield><datafield ind1=" " ind2=" " tag="752"><subfield code="a">United States</subfield><subfield code="b">Nebraska</subfield><subfield code="c">Dundy</subfield><subfield code="d">Benkelman.</subfield></datafield><datafield ind1="1" ind2="4" tag="780"><subfield code="t">Benkelman news</subfield><subfield code="w">(DLC)sn 94061426</subfield></datafield><datafield ind1="1" ind2="4" tag="780"><subfield code="t">Benkelman chronicle</subfield><subfield code="w">(DLC)sn 94061429</subfield></datafield><datafield ind1="1" ind2="7" tag="785"><subfield code="t">Benkelman post</subfield><subfield code="w">(DLC)sn 94061430</subfield></datafield><datafield ind1="1" ind2="7" tag="785"><subfield code="t">Benkelman post and news-chronicle</subfield><subfield code="w">(DLC)sn 94061428</subfield></datafield><datafield ind1="1" ind2=" " tag="029"><subfield code="a">AU@</subfield><subfield code="b">000011427736</subfield></datafield></record>